@article{portalaction,
  author = {Portal Action},
  title = {Distribuição log-normal},
  url = {http://www.portalaction.com.br/probabilidades/615-distribuicao-log-normal}
}
@book{faraway2004linear,
  title={Linear Models with R},
  author={Faraway, J.J.},
  isbn={9780203507278},
  lccn={2004051916},
  series={Chapman \& Hall/CRC Texts in Statistical Science},
  url={https://books.google.com.br/books?id=fvenzpofkagC},
  year={2004},
  publisher={Taylor \& Francis}
}
@book{hochheim,
  Address = {Florianópolis},
  Author = {Norberto Hochheim},
  Title = {Engenharia de Avaliações - Módulo Básico},
  Publisher = {IBAPE - SC},
  Year = {2015}
}
@Manual{NBR1465301,
  address={Rio de Janeiro},
  Author = {ABNT},
  month={mai.},
  organization={Associação Brasileira de Normas Técnicas},
  org-short={ABNT},
  pages={10},
  subtitle={Avaliação de bens -- Parte 1: Procedimentos Gerais},
  title={{NBR} 14653-1},
  year={2001}
}
@Manual{NBR1465302,
	Address = {Rio de Janeiro},
	Author = {ABNT},
	Month = {fev.},
	Org-Short = {ABNT},
	Organization = {Associação Brasileira de Normas Técnicas},
	Pages = {4},
	Subtitle = {Avaliação de Bens -- Parte 2: Imóveis Urbanos},
	Title = {{NBR} 14653-2},
	Year = {2011}
}
@Manual{acepack,
  title = {acepack: ACE and AVAS for Selecting Multiple Regression Transformations},
  author = {Phil Spector and Jerome Friedman and Robert Tibshirani and Thomas Lumley and Shawn Garbett and Jonathan Baron},
  year = {2016},
  note = {R package version 1.4.1},
  url = {https://CRAN.R-project.org/package=acepack},
}
@Book{car,
  title = {An {R} Companion to Applied Regression},
  edition = {Second},
  author = {John Fox and Sanford Weisberg},
  year = {2011},
  publisher = {Sage},
  address = {Thousand Oaks {CA}},
  url = {http://socserv.socsci.mcmaster.ca/jfox/Books/Companion},
}
@article{keene,
  author =  {Oliver N. Keene},
  title = {The log transformation is special},
  journal = {Statistics in Medicine},
  volume = {14},
  pages = {811-819},
  year = {1985}
}
@Manual{fda,
  author = {FDA},
  title = {Guideline for the Format and Content of the Clinical and Statistical Sections of New Drug Applications},
  organization = {Food {and} {D}rug {A}dministration, Public Health Service, US Department of Health {and} Human Services},
  year = {1988}
}